@String{ esop = "European Symposium on Programming" }

@String{ esop = "ESOP" }

@String{ icfp = "{ACM} International Conference on Functional Programming" }

@String{ icfp = "{ICFP}" }

@String{ popl = "{ACM} Symposium on Principles of Programming Languages" }

@String{ popl = "{POPL}" }

@String{ pldi = "{ACM} Conference on Programming Language Design and Implementation" }

@String{ pldi = "{PLDI}" }

@String{ jacm = "Journal of the {ACM}" }

@String{ jacm = "{JACM}" }

@String{ jfp = "Journal of Functional Programming" }

@String{ jfp = "{JFP}" }

@String{ toplas = "{ACM} Transactions on Programming Languages and Systems" }

@String{ toplas = "{TOPLAS}" }

@String{ padl = "International Workshop on Practical Aspects of Declarative Languages" }

@String{ padl = "{PADL}" }

@String{ haskellworkshop = "{ACM SIGPLAN} {H}askell Workshop" }

@String{ haskellworkshop = "{H}askell Workshop" }

@String{ oopsla = "{ACM} Conference on Object-oriented Programming, Systems, Languages, and Applications" }

@String{ oopsla = "{OOPSLA}" }

@String{ netb = "{USENIX} international workshop on Networking meets databases" }

@String{ netb = "{NETB}" }

@String{ sigcomm = "Applications, technologies, architectures, and protocols for computer communications" }

@String{ sigcomm = "{SIGCOMM}" }

@String{ sigops = "{SIGOPS} Operating Systems Review" }

@String{ sigops = "{SIGOPS}" }

@String{ sigmod = "{ACM SIGMOD} international conference on management of data" }

@String{ sigmod = "{SIGMOD}" }

@String{ tnet = "IEEE/ACM Transactions on Networking" }

@String{ tnet = "IEEE/ACM Trans. on Networking" }

@String{ sosp = "{SOSP}" }

@String{ osdi = "{OSDI}" }

@String{ nsdi = "{NSDI}" }

@String{ hotnets = "{HotNets}" }

@String{ wren = "{Workshop on Research on Enterprise Networking}" }

@String{ wren = "{WREN}" }

@String{ sigcommccr = "{SIGCOMM Computer Communications Review}" }

@String{ sigcommccr = "{SIGCOMM CCR}" }

@String{ syclick = "Symposium on Click Modular Router" }

@String{ syclick = "{SyClick}" }

@String{ infocom = "IEEE INFOCOM"}

@String{ ssp = "IEEE Symposium on Security and Privacy"}

@String{ jan = "Jan" }
@String{ feb = "Feb" }
@String{ mar = "Mar" }
@String{ apr = "Apr" }
@String{ may = "May" }
@String{ jun = "Jun" }
@String{ jul = "Jul" }
@String{ aug = "Aug" }
@String{ sep = "Sep" }
@String{ oct = "Oct" }
@String{ nov = "Nov" }
@String{ dec = "Dec" }


@InProceedings{ eh97:fran,
	author = "Conal Elliott and Paul Hudak",
	title = "Functional Reactive Animation",
	booktitle = icfp,
	year = 1997,
	month = jun,
	pages = "163--173"
}

@InProceedings{ PeHuEl99,
	author = "John Peterson and Paul Hudak and Conal Elliott",
	title = "Lambda in Motion: Controlling Robots with {Haskell}",
	booktitle = padl,
	year = 1999,
	month = jan
}

@InProceedings{ Courtney2003b,
	author = "Antony Courtney and Henrik Nilsson and John Peterson",
	title = "The {Y}ampa Arcade",
	booktitle = haskellworkshop,
	pages = "7--18",
	year = 2003,
	month = aug
}

@InProceedings{ Nilsson2002a,
	author = "Henrik Nilsson and Antony Courtney and John Peterson",
	title = "Functional Reactive Programming, Continued",
	booktitle = haskellworkshop,
	pages = "51--64",
	year = 2002,
	month = oct
}

@InProceedings{ Wan2002,
	author = "Zhanyong Wan and Walid Taha and Paul Hudak",
	title = "Event-Driven {FRP}",
	booktitle = padl,
	year = 2002,
	month = jan
}

@InProceedings{ flapjax,
	author = "Leo A. Meyerovich and Arjun Guha and Jacob Baskin and Gregory H. Cooper and Michael Greenberg and Aleks Bromfield and Shriram Krishnamurthi",
	title = "Flapjax: A Programming Language for {Ajax} Applications",
	booktitle = oopsla,
	year = "2009",
	pages = "1--20",
}

@InProceedings{ cooper+:frtime,
	author = "Gregory H. Cooper and Shriram Krishnamurthi",
	title = "Embedding Dynamic Dataflow in a Call-by-Value Language",
	booktitle = esop,
	year = "2006",
	pages = "294--308"
}

@PhDThesis{ loo:thesis,
	Author = "Boon Thau Loo",
	Title = "The Design and Implementation of Declarative Networks",
	School = "EECS Department, University of California, Berkeley",
	Year = "2006",
	Month = dec,
	URL = "http://www.eecs.berkeley.edu/Pubs/TechRpts/2006/EECS-2006-177.html",
	Number = "UCB/EECS-2006-177"
}

@InProceedings{ abadi+:sendlog,
	author = "Mart{\'i}n Abadi and Boon Thau Loo",
	title = "Towards a Declarative Language and System for Secure Networking",
	booktitle = netb,
	year = "2007",
	pages = "1--6",
	location = "Cambridge, MA",
}

@InProceedings{ loo+:declarative-routing,
	author = "Boon Thau Loo and Joseph M. Hellerstein and Ion Stoica and Raghu Ramakrishnan",
	title = "Declarative Routing: Extensible Routing with Declarative Queries",
	booktitle = sigcomm,
	year = "2005",
	isbn = "1-59593-009-4",
	pages = "289--300",
	location = "Philadelphia, Pennsylvania, USA",
	doi = "http://doi.acm.org/10.1145/1080091.1080126",
}

@Article{ loo+:declarative-overlays,
	author = "Boon Thau Loo and Tyson Condie and Joseph M. Hellerstein and Petros Maniatis and Timothy Roscoe and Ion Stoica",
	title = "Implementing Declarative Overlays",
	journal = sigops,
	volume = "39",
	number = "5",
	year = "2005",
	issn = "0163-5980",
	pages = "75--90",
	doi = "http://doi.acm.org/10.1145/1095809.1095818",
}

@InProceedings{ hinrichs+:fml,
	author = "Timothy L. Hinrichs and Natasha S. Gude and Martin Casado and John C. Mitchell and Scott Shenker",
	title = "Practical Declarative Network Management",
	booktitle = wren,
	year = "2009",
}

@InProceedings{ gigascope,
	author = "Chuck Cranor and Theodore Johnson and Oliver Spataschek and Vladislav Shkapenyuk",
	title = "Gigascope: A Stream Database for Network Applications",
	booktitle = sigmod,
	year = "2003",
	pages = "647--651",
}

@Article{ openflow,
	author = "Nick McKeown and Tom Anderson and Hari Balakrishnan and Guru Parulkar and Larry Peterson and Jennifer Rexford and Scott Shenker and Jonathan Turner",
	title = "OpenFlow: Enabling Innovation in Campus Networks",
	journal = sigcommccr,
	volume = "38",
	number = "2",
	year = "2008",
	pages = "69--74",
}

@InProceedings{ openflowclick,
	author = "Yogesh Mundata and Rob Sherwood and Nick Feamster",
	title = "An {OpenFlow} Switch Element for {Click}",
	booktitle = syclick,
	year = "2009",
	month = nov,
	note = "See also \URL{http://www.openflowswitch.org/wk/index.php/OpenFlowClick}"
}

@InProceedings{ routebricks,
	author = "Mihai Dobrescu and Norbert Egi and Katerina Argyraki and Byung-Gon Chun and Kevin Fall and Gianluca Iannaccone and Allan Knies and Maziar Manesh and Sylvia Ratnasamy",
	title = "{RouteBricks}: Exploiting Parallelism To Scale Software Routers ",
	booktitle = sosp,
	month = oct,
	year = 2009
}

@Article{ click-journal,
	author = "Eddie Kohler and Robert Morris and Benjie Chen and John Jannotti and M. Frans Kaashoek.",
	title = "The {Click} modular router",
	journal = "{ACM} Transactions on Computer Systems",
	year = "2000",
	volume = "18",
	number = "3",
	pages = "263--297",
	month = aug
}

@Article{ flowvisor,
	author = "Rob Sherwood and Michael Chan and Glen Gibb and Nikhil Handigol and Te-Yuan Huang and Peyman Kazemian and Masayoshi Kobayashi and David Underhill and Kok-Kiong Yap and Guido Appenzeller and Nick McKeown",
	title = "Carving Research Slices Out of Your Production Networks with {OpenFlow}",
	journal = sigcommccr,
	volume = "40",
	number = "1",
	year = "2010",
	pages = "129--130"
}

@InProceedings{ flowvisor-osdi,
	author = "Rob Sherwood and Glen Gibb and Kok-Kiong Yap and Guido Appenzeller and Martin Casado and Nick McKeown and Guru Parulkar",
	title = "Can the Production Network Be the Testbed?",
	booktitle = osdi,
	month = oct,
	year = "2010"
}

@Article{ nox,
	author = "Natasha Gude and Teemu Koponen and Justin Pettit and Ben Pfaff and Mart{\'i}n Casado and Nick McKeown and Scott Shenker",
	title = "{NOX}: Towards an Operating System for Networks",
	journal = sigcommccr,
	volume = "38",
	number = "3",
	year = "2008"
}

@InProceedings{ nettle,
	author = "Andreas Voellmy and Paul Hudak",
	title = "Nettle: Functional Reactive Programming of {OpenFlow} Networks",
	booktitle = padl,
	year = 2011
}

@Unpublished{ snac,
	title = "{SNAC}",
	note = "See \URL{http://snacsource.org/}",
	year = "2010",
	mon = nov
}

@Unpublished{ openflow-spec,
	title = "OpenFlow",
	note = "See \url{http://www.openflowswitch.org}",
	month = nov,
	year = "2010"
}

@Article{ ethane,
	author = "Martin Casado and Michael J. Freedman and Justin Pettit and Jianying Luo and Natasha Gude and Nick McKeown and Scott Shenker",
	title = "Rethinking Enterprise Network Control",
	journal = tnet,
	volume = 17,
	number = 4,
	month = aug,
	year = 2009
}

@InProceedings{ resonance,
	author = "Ankur Nayak and Alex Reimers and Nick Feamster and Russ Clark",
	title = "Resonance: Dynamic Access Control in Enterprise Networks",
	booktitle = wren,
	month = aug,
	year = 2009
}

@Misc{ plug-n-serve,
	author = "Nikhil Handigol and Srinivasan Seetharaman and Mario Flajslik and Nick McKeown and Ramesh Johari",
	title = "{Plug-n-Serve}: Load-Balancing Web Traffic using {OpenFlow}",
	note = "Demo at \emph{ACM SIGCOMM}",
	month = aug,
	year = 2009
}

@InProceedings{ elastic-tree,
	author = "Brandon Heller and Srini Seetharaman and Priya Mahadevan and Yiannis Yiakoumis and Puneet Sharma and Sujata Banerjee and Nick McKeown",
	title = "{ElasticTree}: Saving Energy in Data Center Networks",
	booktitle = nsdi,
	month = apr,
	year = 2010
}

@Misc{ vm-mobility,
	author = "David Erickson and others",
	title = "A Demonstration of Virtual Machine Mobility in an {OpenFlow} Network",
	note = "Demo at \emph{ACM SIGCOMM}",
	month = aug,
	year = 2008
}

@Unpublished{ memcached,
	title = "Memcached: A Distributed Memory Object Caching System",
	month = nov,
	year = "2010",
	note = "See \url{http://www.memcached.org}"
}

@misc{ beacon,
	title = "Beacon: A {J}ava-based {OpenFlow} Control Platform.",
	month = nov,
	year = "2010",
	note = "See \url{http://www.beaconcontroller.net}"
}

@InProceedings{ onix,
	title = "Onix: A Distributed Control Platform for Large-scale Production Networks",
	author = "Teemu Koponen and Martin Casado and Natasha Gude and Jeremy Stribling and Leon Poutievski and Min Zhu and Rajiv Ramanathan and Yuichiro Iwata and Hiroaki Inoue and Takayuki Hama and Scott Shenker",
	booktitle = osdi,
	year = 2010,
	month = oct
}

@TechReport{ maestro,
	author = "Zheng Cai and Alan L. Cox and T. S. Eugene Ng",
	title = "Maestro: A System for Scalable {OpenFlow} Control",
	institution = "Rice University",
	number = "TR10-08",
	year = 2010,
	month = dec
}

@InProceedings{ frenetic-presto,
	author = "Nate Foster and Rob Harrison and Matthew L. Meola and Michael J. Freedman and Jennifer Rexford and David Walker",
	title = "Frenetic: {A} High-Level Langauge for {OpenFlow} Networks",
	booktitle = " PRESTO ",
	year = 2010,
	month = nov
}

@Unpublished{ frenetic-web,
	title = "The {Frenetic} Language",
	month = nov,
	year = "2010",
	note = "See \URL{http://www.frenetic-lang.org/}"
}

@Misc{ frenetic-web,
	author = "Nate Foster and Rob Harrison and Matthew L. Meola and Michael J. Freedman and Jennifer Rexford and David Walker",
	title = "Frenetic: {A} High-Level Langauge for {OpenFlow} Networks",
	booktitle = " PRESTO ",
	year = 2010,
	month = nov
}

@InProceedings{ nikola,
	title = "Nikola: {E}mbedding Compiled {GPU} Functions in {H}askell",
	author = "Geoffrey Mainland and Greg Morrisett",
	booktitle = "Haskell Symposium",
	pages = "67--78",
	month = sep,
	year = 2010
}

@InProceedings{ flask,
	author = "Geoffrey Mainland and Greg Morrisett and Matt Welsh",
	title = "Flask: Staged Functional Programming for Sensor Networks",
	booktitle = "ICFP",
	year = "2008",
	pages = "335--346"
}

@Article{ acar-afp,
	author = "Umut A. Acar and Guy E. Blelloch and Robert Harper",
	title = "Adaptive functional programming",
	journal = toplas,
	volume = "28",
	issue = "6",
	month = "November",
	year = "2006",
	pages = "990--1034",
	numpages = "45"
}

@InProceedings{ streamit,
	author = "William Thies and Michal Karczmarek and Saman Amarasinghe",
	title = "StreamIt: A Language for Streaming Applications",
	month = apr,
	year = 2002,
	pages = "179--196",
	booktitle = "International Conference on Compiler Construction"
}

@Article{ cql,
	author = "Arvind Arasu and Shivanth Babu and Jennifer Widom",
	title = "The {CQL} Continuous Query Language: Semantic Foundations and Query Execution",
	journal = "The VLDB Journal",
	volume = "15",
	issue = "2",
	month = jun,
	year = 2006,
	pages = "121--142"
}

@Article{esterel,
	title = "The {Esterel} Synchronous Programming Language: Design, Semantics, Implementation",
	author = "G{\'e}rard Berry and Georges Gonthier",
	journal = "Science of Computer Programming",
	vol = 19,
	number = 2,
	pages = "87--152",
	year = 1992
}

@InProceedings{ brooklet,
	title = "A Universal Calculus for Stream Processing Languages",
	author = "Robert Soul{\'e} and Martin Hirzel and Robert Grimm and Bu\v{g}ra Gedik and Henrique Andrade and Vibhore Kumar and Kun-Lung Wu",
	booktitle = "ESOP",
	year = 2010,
	mon = mar,
	pages = "507--528"
}

@Article{ bro,
	author = "Vern Paxson",
	title = "Bro: A System for Detecting Network Intruders in Real-Time",
	journal = "Computer Networks",
	volume = 31,
	number = "23--24",
	pages = "2435--2463",
	month = dec,
	year = 1999
}

@Manual{ snortran,
	title = "{SNORTRAN}: An Optimizing Compiler for {Snort} Rules",
	author = "Sergei Egorov and Gene Savchuk",
	organization = "Fidelis Security Systems",
	year = 2002
}

@InProceedings{ shangri-la,
	author = "Michael K. Chen and Xiao Feng Li and Ruiqi Lian and Jason H. Lin and Lixia Liu and Tao Liu and Roy Ju",
	title = "Shangri-La: Achieving high performance from compiled network applications while enabling ease of programming",
	booktitle = "PLDI",
	month = jun,
	year = 2005,
	pages = "224--236"
}

@InCollection{ fpl-3e,
	author = "Mihai Lucian Cristea and Claudiu Zissulescu and Ed Deprettere and Herbert Bos",
	title = "{FPL-3E}: Towards Language Support for Reconfigurable Packet Processing",
	booktitle = "SAMOS",
	pages = "201--212",
	year = 2005,
	month = jul
}

@InProceedings{ load-wild,
	author = "Richard Wang and Dana Butnariu and Jennifer Rexford",
	title = "{OpenFlow}-based Server Load Balancing Gone Wild",
	booktitle = "Hot-ICE",
	month = mar,
	year = 2011
}

@InProceedings{ hhh,
	author = "Lavanya Jose and Minlan Yu and Jennifer Rexford",
	title = "Online Measurement of Large Traffic Aggregates on Commodity Switches",
	booktitle = "Workshop on Hot Topics in Management of Internet, Cloud, and Enterprise Networks and Services",
	month = MAR,
	year = 2011
}

@Article{ openflow-nyt,
	author = "John Markoff",
	title = "Open Networking Foundation Pursues New Standards",
	journal = "The New York Times",
	year = 2011,
	month = mar,
	note = "See \URL{http://nyti.ms/eK3CCK}"
}


@inproceedings{kerravala:02,                                                    
  author = "Z. Kerravala",                                                      
  title = "Configuration management delivers business resiliency",              
  note = "The Yankee Group",                                                    
  month = NOV,                                                                  
  year = 2002                                                                   
}

@inproceedings{vanbever:11,
author = "Laurent Vanbever and Stefano Vissicchio and Cristel Pelsser and Pierre Francois and Olivier Bonaventure",
title = "Seamless Network-Wide {IGP} Migration",
booktitle = sigcomm,
month = AUG,
year = 2011
}

@article{francois:07,
author = "Pierre Francois and Olivier Bonaventure",
title = "Avoiding transient loops during the convergence of link-state routing protocols",
journal = tnet,
month = DEC,
year = 2007
}

@article{francois-bgp,
author = "Pierre Francois and Pierre-Alain Coste and Bruno Decraene and Olivier Bonaventure",
title = "Avoiding disruptions during maintenance operations on {BGP} sessions",
journal = "IEEE Trans. on Network and Service Management",
month = DEC,
year = 2007
}

@inproceedings{francois-igp,
author = "Pierre Francois and Mike Shand and Olivier Bonaventure",
title = "Disruption-free topology reconfiguration in {OSPF} Networks",
booktitle = infocom,
month = MAY,
year = 2007
}

@inproceedings{raza:09,
author = "S. Raza and Y. Zhu and C-N. Chuah",
title = "Graceful Network Operations",
booktitle = infocom,
month = APR,
year = 2009
}

@article{raza:11,
author = "S. Raza and Y. Zhu and C-N. Chuah",
title = "Graceful Network State Migrations",
journal = tnet,
volume = 19,
number = 4,
month = AUG,
year = 2011
}

@inproceedings{consensus,
author = "John P. John and Ethan Katz-Bassett and Arvind Krishnamurthy and Thomas Anderson and Arun Venkataramani",
title = "Consensus Routing: The {Internet} as a Distributed System",
booktitle = nsdi,
month = APR,
year = 2008
}


@inproceedings{devoflow-hotnets,
 author = {J. Mogul and  J. Tourrilhes and P. Yalagandula and P. Sharma and A. Curtis and S. Banerjee},
 title = {{DevoFlow}: Cost-effective flow management for high performance enterprise networks},
 booktitle = hotnets, 
 month = OCT,
 year = {2010},
 pages = {1:1--1:6},
} 

@inproceedings{devoflow,
 author = {J. Mogul and  J. Tourrilhes and P. Yalagandula and P. Sharma and A. Curtis and S. Banerjee},
 title = {{DevoFlow}: Scaling Flow Management for High-Performance Networks},
 booktitle = sigcomm,
 month = AUG,
 year = 2011
} 

@inproceedings{foster+:frenetic,
  author = {Nate Foster and Rob Harrison and Michael J. Freedman and Christopher Monsanto and Jennifer Rexford and Alec Story and David Walker}, 
  title =  {Frenetic: A Network Programming Language },
  booktitle = icfp, 
  year =   2011,
  jnf =    "yes",
  recent = "yes",
  conf =    { \URL{http://frenetic-lang.org/papers/frenetic-icfp.pdf} },
}

@InProceedings{backbone-failures,
  author = 	 {A. Markopoulou and G. Iannaconne and S. Bhattacharrya and C. N. Chuah and C. Diot},
  title = 	 {Characterization of failures in an {IP} backbone},
  booktitle = infocom,
  year = 	 {2004},
}

@techreport{Katabi:vsa,
author = {Katabi, Dina and Kushman, Nate and Wrocklawski, John},
title = {{A Consistency Management Layer for Inter-Domain Routing}},
year = {2006},
number = {MIT-CSAIL-TR-2006-006},
address = {Cambridge, MA},
month = jan,
}

@Misc{casado-blog,
  author = 	 {Teemu Koponen and Martin Casado},
  title = 	 {What Might an {SDN} Controller {API} Look Like?},
  howpublished = {\url{http://tinyurl.com/3nxnwgm}},
  month = 	 aug,
  year = 	 2011,
}

@InProceedings{frenetic,
  author = 	 {Nate Foster and Rob Harrison and Michael J. Freedman and Christopher Monsanto and Jennifer Rexford and Alec Story and David Walker},
  title = 	 {Frenetic: A Network Programming Language},
  booktitle = icfp,
  year = 	 2011,
  month = 	 sep,
}

@inproceedings{kazemian+:header-space,
author = "Peyman Kazemian and George Varghese and Nick McKeown",
title = "Header Space Analysis: Static Checking for Networks",
booktitle = nsdi,
year = 2012
}

@book{Huth99logicin,
    author = {Michael Huth and Mark Ryan},
    title = {Logic in Computer Science: Modelling and Reasoning about Systems},
    publisher = "Cambridge University Press",
    month = dec,
    year = {1999}
}

@inproceedings{nice,
author = "Marco Canini and Daniele Venzano and Peter Pere{\v{s}\'i}ni and 
  Dejan Kosti{\'c} and Jennifer Rexford",
title = "A {NICE} way to test {OpenFlow} applications",
booktitle = nsdi,
year = 2012
}

@inproceedings{consistent,
author = "Mark Reitblatt and Nate Foster and Jennifer Rexford and David Walker",
title = "Consistent Updates for Software-Defined Networks: Change You Can Believe In!",
booktitle = hotnets,
month = nov,
year = 2011
}

@ARTICLE{Clarke86automaticverification,
    author = {E. M. Clarke and E. A. Emerson and A. P. Sistla},
    title = {Automatic verification of finite-state concurrent systems using temporal logic specifications},
    journal = {ACM Transactions on Programming Languages and Systems},
    year = {1986},
    volume = {8},
    pages = {244--263}
}

@INPROCEEDINGS{Cimatti02nusmv2:,
    author = {Alessandro Cimatti and Edmund Clarke and Enrico Giunchiglia and Fausto Giunchiglia and Marco Pistore and Marco Roveri and Roberto Sebastiani and Armando Tacchella},
    title = {{NuSMV} 2: An opensource tool for symbolic model checking},
    booktitle = {},
    year = {2002},
    pages = {359--364},
    publisher = {Springer}
}

@incollection{Waxman:1991:RMC:128960.128991,
 author = {Waxman, Bernard M.},
 chapter = {Routing of Multipoint Connections},
 title = {Broadband switching},
 year = {1991},
 isbn = {0-8186-8926-9},
 pages = {347--352},
 numpages = {6},
 url = {http://dl.acm.org/citation.cfm?id=128960.128991},
 acmid = {128991},
 publisher = {IEEE Computer Society Press}
}

@INPROCEEDINGS{zhang:firewall,
    author = {Charles C. Zhang and Marianne Winslett and Carl A. Gunter},
    title = {On the Safety and Efficiency of Firewall Policy Deployment},
    booktitle = {IEEE Symp. on Security and Privacy},
    year = {2007},
}

@inproceedings{coqart,
    author = {Yves Bertot and Pierre Casteran},
    title = {Interactive Theorem Proving and Program Development: {C}oq{'}{A}rt The Calculus of Inductive Constructions},
    booktitle = {EATCS Texts in Theoretical Computer Science},
    year = {2004},
    publisher = {Springer-Verlag},
}

@inproceedings{feamster:rcc,
 author = {Feamster, Nick and Balakrishnan, Hari},
 title = {Detecting {BGP} configuration faults with static analysis},
 booktitle = nsdi,
 year = {2005},
 month = may,
 numpages = {14},
 url = {http://dl.acm.org/citation.cfm?id=1251203.1251207},
 acmid = {1251207},
}

@inproceedings{voellmy:bgpverification,
 author = {Andreas R. Voellmy},
 title = {Proof of an Interdomain Policy: a Load-balancing Multi-homed Network},
 series = {SafeConfig},
 year = {2009},
} 

@inproceedings{wang:fvn,
 author = {Anduo Wang and Limin Jia and Changbin Lio and Boon Thau Loo and Oleg Sokolsky and Prithwish Basu},
 title = {Formally Verifiable Networking},
  booktitle = {HotNets},
 year = {2009},
} 

@inproceedings{mai+:anteater,
 author = {Haohui Mai and Ahmed Khurshid and Raghit Agarwal and Matthew Caesar and
           P. Brighten Godfrey and Samuel Talmadge King},
 title = {Debugging the Data Plane with {Anteater}},
 booktitle = {SIGCOMM},
 year = {2011},
} 

@inproceedings{chen:coolaid,
  author = {Xu Chen and Yun Mao and Z.~Morley Mao and Jacobus {van der Merwe}},
  title = {Declarative Configuration Managaement for Complex and Dynamic Networks},
  booktitle = {CoNEXT},
  year = 2010
}

@inproceedings{ferguson:pane,
 author = {Andrew D. Ferguson and Arjun Guha and Chen Liang and Rodrigo Fonseca and Shriram Krishnamurthi},
 title = {Hierarchical Policies for Software Defined Networks},
 booktitle = {HotSDN},
 year = {2012},
}

@InProceedings{monsanto:netcore,
  author = {Christopher Monsanto and Nate Foster and Rob Harrison and David Walker},
  title = {A Compiler and Run-time System for Network Programming Languages},
  booktitle = popl,
  year = 2012,
}

@article{hoare:grand-challenge,
 author = {Tony Hoare},
 title = {The Verifying Compiler: A Grand Challenge for Computing Research},
 journal = {JACM},
 volume = {50},
 number = {1},
 month = jan,
 year = {2003},
 pages = {63--69},
 numpages = {7},
} 


@inproceedings{khurshid13veriflow,
  author    = {Ahmed Khurshid and Xuan Zou and Wenxuan Zhou and Matthew Caesar and P. Brighten Godfrey},
  title     = {VeriFlow: Verifying Network-Wide Invariants in Real Time},
  booktitle = {NSDI},
  year      = {2013},
}

@article{leroy:compcert-cacm,
 author = {Leroy, Xavier},
 title = {Formal Verification of a Realistic Compiler},
 journal = {CACM},
 volume = {52},
 number = {7},
 month = jul,
 year = {2009},
 pages = {107--115},
 numpages = {9},
}

@inproceedings{shaer:flowchecker,
  author = {Ehab Al-Shaer and Saeed Al-Haj},
  title = {{FlowChecker}: Configuration Analysis and Verification of Federated {OpenFlow} Infrastructures},
  booktitle = {SafeConfig},
  year = {2010}
}

@inproceedings{yin:routerbugs,
  author = "Zuoning Yin and Matthew Caesar and Yuanyuan Zhou",
  title = "Towards Understanding Bugs in Open Source Router Software",
  booktitle = sigcommccr,
  year = 2010
}

@inproceedings{gill-failure-sigcomm11,
 author = {Gill, Phillipa and Jain, Navendu and Nagappan, Nachiappan},
 title = {Understanding network failures in data centers: measurement, analysis, and implications},
 booktitle = sigcomm,
 year = 2011,
} 


@article{markopoulou-failure-ton08,
 author = {Markopoulou, Athina and Iannaccone, Gianluca and Bhattacharyya, Supratik and Chuah, Chen-Nee and Ganjali, Yashar and Diot, Christophe},
 title = {Characterization of failures in an operational {IP} backbone network},
 journal = {IEEE/ACM Transactions on Networking},
 issue_date = {August 2008},
 volume = {16},
 number = {4},
 month = aug,
 year = {2008},
 pages = {749--762},
 numpages = {14},
} 

@inproceedings{madhavapeddy:unikernels,
  title = "Unikernels: Library Operating Systems for the Cloud",
  author = "Anil Madhavapeddy and Richard Mortier and Charalampos Rotsos 
            and David Scott and Balraj Singh and Thomas Gazagnaire 
            and Steven Smith and Steven Hand and Jon Crowcroft",
  booktitle = "ASPLOS",
  year = 2013
}

@inproceedings{Young:1989:VCM:75308.75312,
 author = {Young, W.},
 title = "Verified compilation in micro-{Gypsy}",
 booktitle = "TAV",
 year = {1989},
}

@inproceedings{certified-gc,
 author = {McCreight, Andrew and Chevalier, Tim and Tolmach, Andrew},
 title = {A certified framework for compiling and executing garbage-collected languages},
 booktitle = {ICFP},
 year = {2010},
}

@inproceedings{zeng+:atpg,
 author = {Zeng, Hongyi and Kazemian, Peyman and Varghese, George and McKeown, Nick},
 title = {Automatic test packet generation},
 booktitle = {CoNEXT},
 year = {2012}
}

@inproceedings{xie+:reachability,
  author    = {Geoffrey G. Xie and
               Jibin Zhan and
               David A. Maltz and
               Hui Zhang and
               Albert G. Greenberg and
               G\'{\i}sli Hj{\'a}lmt{\'y}sson and
               Jennifer Rexford},
  title     = "On static reachability analysis of {IP} networks",
  booktitle = {INFOCOM},
  year      = {2005},
}

@techreport{Scott:EECS-2012-178,
    Author = {Robert Colin Scott and Andreas Wundsam and Kyriakos Zarifis and Scott Shenker},
    Title = {{What, Where, and When: Software Fault Localization for SDN}},
    Institution = {EECS Department, University of California, Berkeley},
    Year = {2012},
    Number = {UCB/EECS-2012-178},
}

@inproceedings{vellvm-popl,
 author = {Jianzho Zhao and Santosh Nagarakatte and Milo M.K. Martin and Steve Zdancewic},
 title = {Formalizing the {LLVM} Intermediate Representation for Verified Program Transformations},
 booktitle = {POPL},
 year = {2012},
} 

@inproceedings{fstar,
 author = {Pierre-Yves Strub and Nikhil Swamy and Cedric Fournet and Juan Chen},
 title = {Self-certification: Bootstrapping Certified Typecheckers in {F*} with {Coq}},
 booktitle = {POPL},
 year = {2012},
} 

@inproceedings{rocksalt,
  author = "Greg Morrisett and Gang Tan and Joseph Tassarotti and Jean-Baptiste Tristan and Edward Gan",
  title = "{RockSalt}: Better, Faster, Stronger {SFI} for the x86",
  booktitle = {PLDI},
  year = {2012},
} 

@inproceedings{bedrock,
  author = {Adam Chlipala},
  title = {Mostly-automated Verification of Low-level Programs in Computational Separation Logic},
  booktitle = {PLDI},
  year = {2011},
} 

@inproceedings{cbench,
  title = "On Controller Performance in Software-Defined Networks",
  author = "Amin Tootoonchian and Sergey Gorbunov and Yashar Ganjali
            and Mart{\'i}n Casado and Rob Sherwood",
  booktitle = "HotICE",
  year = 2012
}

@inproceedings{ynot-rdms10,
  author =	 {Gregory Malecha and Greg Morrisett and Avraham
                  Shinnar and Ryan Wisnesky},
  title =	 {Towards a Verified Relational Database Management
                  System},
  booktitle =	 {POPL},
  year =	 2010,
}
@inproceedings{klein-sel4,
 author = {Klein, Gerwin and Elphinstone, Kevin and 
           Heiser, Gernot and Andronick, June and 
           Cock, David and Derrin, Philip and 
           Elkaduwe, Dhammika and Engelhardt, Kai and 
           Kolanski, Rafal and Norrish, Michael and 
           Sewell, Thomas and Tuch, Harvey and 
           Winwood, Simon},
 title = {seL4: Formal Verification of an {OS} Kernel},
 booktitle = {SOSP},
 year = {2009},
} 

@inproceedings{vst-esop11,
  author={Andrew W. Appel},
  title={Verified Software Toolchain}, 
  booktitle={ESOP},
  year = 2011,
}

@inproceedings{mininet,
  author = "Nikhil Handigol and Brandon Heller and Vimal Jeyakumar and Bob Lantz
            and Nick McKeown",
  title = "Reproducible Network Experiments using Container-Based Emulation",
  booktitle = {CoNEXT},
  year = 2012,
}